@article{molly,
    author={Alvaro, Peter and Rosen, Joshua and Joseph, M. Hellerstein},
    title={Lineage-driven fault injection},
    year={2015},
    journal={ACM},
    note={Proceedings of the 2015 ACM SIGMOD International Conference on Management of Data}
}

@misc{coq,
    author={Barras, Bruno},
    title={The Coq proof assistant reference manual: Version 6.1.},
    publisher={Inria},
    year={1997}
}

@article{network-reliable,
    author={Bailis, Peter and Kingsbury, Kyle},
    title={The network is reliable},
    year={2014}
}

@article{amazon-formal-proofs,
    title={Use of formal methods at Amazon Web Services},
    author={Newcombe, Chris and Rath, Tim and Zhang, Fan and Munteanu, Bogdan and Brooker, Marc and Deardeuff, Michael},
    year={2014},
    publisher={Technical report}
}

@article{models-bounds,
    author={A. Hall},
    title={Seven myths of formal methods},
    publisher={IEEE},
    year={2002}
}

@article{snapshot-serializable,
    title={Serializable isolation for snapshot databases},
    author={Cahill, Michael J and R{\"o}hm, Uwe and Fekete, Alan D},
    journal={ACM Transactions on Database Systems (TODS)},
    volume={34},
    number={4},
    pages={20},
    year={2009},
    publisher={ACM}
}

@article{linearizable,
    title={Linearizability: a correctness condition for concurrent objects},
    year={1990},
    author={M. Herlihy, J. Wing},
    pages={463â€”492},
    issue={3},
    journal={ACM Transactions on Programming Languages and Systems (TOPLAS)},
    year={1990}
}

@online{netflix-simian-army,
    publisher={Netflix},
    title={The Netflix Simian Army},
    year={2011},
    url={http://techblog.netflix.com/2011/07/netflix-simian-army.html}
}

@online{jepsen-io,
    title={Distributed Systems Safety Research},
    url={http://jepsen.io/}
}

@online{jepsen-analyses,
    title={Analyses},
    url={http://jepsen.io/analyses}
}

@book{tanenbaum2007distributed,
  title={Distributed systems: principles and paradigms},
  author={Tanenbaum, Andrew S and Van Steen, Maarten},
  year={2007},
  publisher={Prentice-Hall}
}

@article{lowe-testing,
  title={Testing for linearizability},
  author={Lowe, Gavin},
  journal={Concurrency and Computation: Practice and Experience},
  volume={29},
  number={4},
  year={2017},
  publisher={Wiley Online Library}
}

@inproceedings{horn-faster,
  title={Faster linearizability checking via p-compositionality},
  author={Horn, Alex and Kroening, Daniel},
  booktitle={International Conference on Formal Techniques for Distributed Objects, Components, and Systems},
  pages={50--65},
  year={2015},
  organization={Springer}
}

@article{wing-testing,
  title={Testing and verifying concurrent objects},
  author={Wing, Jeannette M. and Gong, Chun},
  journal={Journal of Parallel and Distributed Computing},
  volume={17},
  number={1-2},
  pages={164--182},
  year={1993},
  publisher={Elsevier}
}

@online{knossos,
    title={Computational techniques in Knossos},
    url={https://aphyr.com/posts/314-computational-techniques-in-knossos},
    author={Kyle Kingsbury},
    year={2014}
}

@online{zookeeper,
    url={https://zookeeper.apache.org/},
    title={Apache Zookeeper}
}

@online{raft,
    url={https://raft.github.io/},
    title={The Raft Consensus Algorithm}
}
